@article{mirsky_ct-gan_2019,
	title = {{CT}-{GAN}: {Malicious} {Tampering} of {3D} {Medical} {Imagery} using {Deep} {Learning}},
	shorttitle = {{CT}-{GAN}},
	url = {http://arxiv.org/abs/1901.03597},
	urldate = {2020-02-23},
	journal = {arXiv:1901.03597 [cs]},
	author = {Mirsky, Yisroel and Mahler, Tom and Shelef, Ilan and Elovici, Yuval},
	month = jun,
	year = {2019},
	note = {arXiv: 1901.03597},
	keywords = {Computer Science - Computer Vision and Pattern Recognition, Computer Science - Cryptography and Security, Computer Science - Machine Learning}
}

@misc{noauthor_deloitte_nodate,
	title = {Deloitte {NASCIO} {Cybersecurity} {Survey} {\textbar} {Deloitte} {Insights}},
	url = {https://www2.deloitte.com/us/en/insights/industry/public-sector/nascio-survey-government-cybersecurity-strategies.html},
	urldate = {2020-02-23}
}

@misc{birkett_how_nodate,
	title = {How to {Get} {Over} {Local} {Maximum}? {Everyone} {Hits} {It} {Eventually}},
	url = {https://cxl.com/blog/local-maximum/},
	urldate = {2020-02-23},
	author = {Birkett, Alex}
}

@article{murawski_how_2016,
	title = {How {Humans} {Solve} {Complex} {Problems}: {The} {Case} of the {Knapsack} {Problem}},
	volume = {6},
	copyright = {2016 The Author(s)},
	issn = {2045-2322},
	shorttitle = {How {Humans} {Solve} {Complex} {Problems}},
	url = {https://www.nature.com/articles/srep34851},
	doi = {10.1038/srep34851},
	language = {en},
	number = {1},
	urldate = {2020-02-23},
	journal = {Scientific Reports},
	author = {Murawski, Carsten and Bossaerts, Peter},
	month = oct,
	year = {2016},
	pages = {1--10}
}

@article{chapman_system_2001,
	title = {System design is an {NP}-complete problem},
	volume = {4},
	copyright = {Copyright © 2001 John Wiley \& Sons, Inc.},
	issn = {1520-6858},
	url = {https://onlinelibrary.wiley.com/doi/abs/10.1002/sys.1018},
	doi = {10.1002/sys.1018},
	language = {en},
	number = {3},
	urldate = {2020-02-23},
	journal = {Systems Engineering},
	author = {Chapman, William L. and Rozenblit, Jerzy and Bahill, A. Terry},
	year = {2001},
	pages = {222--229}
}

@article{fielder_decision_2016,
	title = {Decision support approaches for cyber security investment},
	volume = {86},
	issn = {0167-9236},
	url = {http://www.sciencedirect.com/science/article/pii/S0167923616300239},
	doi = {10.1016/j.dss.2016.02.012},
	language = {en},
	urldate = {2020-02-23},
	journal = {Decision Support Systems},
	author = {Fielder, Andrew and Panaousis, Emmanouil and Malacaria, Pasquale and Hankin, Chris and Smeraldi, Fabrizio},
	month = jun,
	year = {2016},
	keywords = {Cyber security investments decision support, Game theory, Optimisation},
	pages = {13--23}
}

@article{forrester_quantum_nodate,
	title = {The {Quantum} {Measurement} {Problem}: {Collapse} of the {Wave} {Function} {Explained}},
	doi = {https://dx.doi.org/10.2139/ssrn.2901820},
	journal = {Social Science Research Network},
	author = {Forrester, Rochelle}
}

@article{wu_improvement_2013,
	title = {The {Improvement} of {Quantum} {Genetic} {Algorithm} and {Its} {Application} on {Function} {Optimization}},
	volume = {2013},
	issn = {1024-123X},
	url = {https://doi.org/10.1155/2013/730749},
	doi = {10.1155/2013/730749},
	journal = {Mathematical Problems in Engineering},
	author = {Wang, Huaixiao and Liu, Jianyong and Zhi, Jun and Fu, Chengqun},
	editor = {Wu, Zheng-Guang},
	month = may,
	year = {2013},
	pages = {730749}
}

@inproceedings{garg_vector_2017,
	title = {Vector {Sparse} {Representation} of {Color} {Image} {Using} {Quaternion} {Matrix} {Analysis} based on {Genetic} {Algorithm}},
	author = {Garg, Anubhav and Goyal, Sourabh},
	year = {2017}
}

@misc{ibm_research_editorial_staff_open_2018,
	title = {An {Open} {High}-{Performance} {Simulator} for {Quantum} {Circuits}},
	copyright = {© Copyright IBM Corp. 2020},
	url = {https://www.ibm.com/blogs/research/2018/05/quantum-circuits/},
	language = {en-US},
	urldate = {2019-06-05},
	journal = {IBM Research Blog},
	author = {IBM Research Editorial Staff},
	month = may,
	year = {2018}
}

@article{nowotniak_gpu-based_2012,
	title = {{GPU}-based tuning of quantum-inspired genetic algorithm for a combinatorial optimization problem},
	volume = {60},
	doi = {10.2478/v10175-012-0043-4},
	journal = {Bulletin of the Polish Academy of Sciences, Technical Sciences},
	author = {Nowotniak, Robert and Kucharski, Jacek},
	year = {2012},
	pages = {323--330}
}

@article{nowotniak_higher-order_2014,
	title = {{Higher}-{Order} {Quantum}-{Inspired} {Genetic} {Algorithms}},
	doi = {10.15439/2014F99},
	journal = {IEEE},
	author = {Nowotniak, Robert and Kucharski, Jacek},
	year = {2014}
}

@article{mia_e-banking_2007,
	title = {E-{Banking}: {Evolution}, {Status} and {Prospect}},
	volume = {35},
	journal = {Journal of ICMAB},
	author = {Mia, Hannan and Rahman, Mohammad Anisur and Uddin, Muhammad},
	year = {2007}
}

@article{montanaro_quantum_2016,
	title = {Quantum algorithms: an overview},
	volume = {2},
	issn = {2056-6387},
	shorttitle = {Quantum algorithms},
	url = {http://arxiv.org/abs/1511.04206},
	doi = {10.1038/npjqi.2015.23},
	number = {1},
	urldate = {2020-02-24},
	journal = {npj Quantum Information},
	author = {Montanaro, Ashley},
	month = nov,
	year = {2016},
	note = {arXiv: 1511.04206},
	keywords = {Quantum Physics},
	pages = {15023}
}

@inproceedings{rocha_preventing_1999,
	title = {Preventing {Premature} {Convergence} to {Local} {Optima} in {Genetic} {Algorithms} via {Random} {Offspring} {Generation}},
	doi = {10.1007/978-3-540-48765-4_16},
	booktitle = {Multiple {Approaches} to {Intelligent} {Systems}},
	author = {Rocha, Miguel and Neves, Jose},
	year = {1999},
	pages = {127--136}
}

@article{pan_comparison_2018,
	title = {Comparison and {Analysis} of {Algorithms} for the 0/1 {Knapsack} {Problem}},
	volume = {1069},
	doi = {10.1088/1742-6596/1069/1/012024},
	journal = {Journal of Physics: Conference Series},
	author = {Pan, Xiaohui and Zhang, Tao},
	year = {2018},
	pages = {012024}
}

@article{rachwald_is_2008,
	title = {Is banking online safer than banking on the corner?},
	volume = {2008},
	doi = {10.1016/S1361-3723(08)70045-9},
	journal = {Computer Fraud \& Security},
	author = {Rachwald, Rob},
	year = {2008},
	pages = {11--12}
}

@article{rakes_it_2012,
	title = {{IT} security planning under uncertainty for high-impact events},
	volume = {40},
	doi = {10.1016/j.omega.2011.03.008},
	journal = {Omega},
	author = {Rakes, Terry and Deane, Jason and Rees, Loren},
	year = {2012},
	pages = {79--88}
}

@misc{noauthor_copenhagen_nodate,
	title = {The {Copenhagen} and {Many} {Worlds} {Interpretations} of {Quantum} {Mechanics}},
	url = {http://afriedman.org/AndysWebPage/BSJ/CopenhagenManyWorlds.html},
	urldate = {2020-02-24},
	file = {The Copenhagen and Many Worlds Interpretations of Quantum Mechanics:C\:\\Users\\Intern Laptop\\Zotero\\storage\\VD9EVBVT\\CopenhagenManyWorlds.html:text/html}
}

@article{rohm_typology_2004,
	title = {A {Typology} of {Online} {Shoppers} {Based} on {Shopping} {Motivations}},
	volume = {57},
	doi = {10.1016/S0148-2963(02)00351-X},
	journal = {Journal of Business Research},
	author = {Rohm, Andrew and Swaminathan, Vanitha},
	year = {2004},
	pages = {748--757}
}

@article{bradley_empirical_2012,
	title = {An {Empirical} {Examination} of {Antecedents} and {Consequences} of {Its} {Governance} in {US} {Hospitals}},
	volume = {27},
	doi = {10.1057/jit.2012.3},
	journal = {Journal of Information Technology},
	author = {Bradley, Randy and Byrd, Terry and Pridmore, Jeannie and Thrasher, Evelyn and Pratt, Renée},
	year = {2012}
}

@article{gootman_opm_2016,
	title = {{OPM} {Hack}: {The} {Most} {Dangerous} {Threat} to the {Federal} {Government} {Today}},
	volume = {11},
	doi = {10.1080/19361610.2016.1211876},
	journal = {Journal of Applied Security Research},
	author = {Gootman, Stephanie},
	year = {2016},
	pages = {517--525}
}